@INPROCEEDINGS{6555424,
  author={Kurylyak, Yuriy and Lamonaca, Francesco and Grimaldi, Domenico},
  booktitle={2013 IEEE International Instrumentation and Measurement Technology Conference (I2MTC)}, 
  title={A Neural Network-based method for continuous blood pressure estimation from a PPG signal}, 
  year={2013},
  volume={},
  number={},
  pages={280-283},
  doi={10.1109/I2MTC.2013.6555424}}